@InProceedings{Mitolo2021,
author="Mitolo, Nicola
and Nesi, Paolo
and Pantaleo, Gianni
and Paolucci, Michela",
editor="Bisello, Adriano
and Vettorato, Daniele
and Ludlow, David
and Baranzelli, Claudia",
title="Snap4City Platform to Speed Up Policies",
booktitle="Smart and Sustainable Planning for Cities and Regions",
year="2021",
publisher="Springer International Publishing",
address="Cham",
pages="103--114"
}